@book{anderson2008security,
  title={Security engineering},
  author={Anderson, Ross},
  year={2008},
  publisher={John Wiley \& Sons}
}

@book{menezes1996handbook,
  title={Handbook of applied cryptography},
  author={Menezes, Alfred J and Van Oorschot, Paul C and Vanstone, Scott A},
  year={1996},
  publisher={CRC press}
}

@misc{project-repo,
  title = {Botnet},
  author = {{Gitlab Repo}},
  year = {2016},
  howpublished = {\url{http://bit.ly/2j8DqDn}},
  note = {Accessed: 2016-12-01}
}

@misc{zeroaccess-symantec-blog,
  title = {Grappling with the ZeroAccess Botnet},
  author = {{Symantec}},
  year = {2016},
  howpublished = {\url{http://symc.ly/2i2pkTe}},
  note = {Accessed: 2016-12-01}
}

@misc{zeroaccess-symantec-definition,
  title = {ZeroAccess Botnet},
  author = {{Symantec}},
  year = {2016},
  howpublished = {\url{http://symc.ly/2i2kZiL}},
  note = {Accessed: 2016-12-01}
}

@misc{jdk,
  title = {Java Development Kit},
  author = {{Oracle Corporation}},
  year = {2016},
  howpublished = {\url{http://bit.ly/2j4EUyw}},
  note = {Accessed: 2016-12-01}
}

@misc{maven,
  title = {Maven},
  author = {{Apache Software Foundation}},
  year = {2016},
  howpublished = {\url{http://bit.ly/2j4JmgH}},
  note = {Accessed: 2016-12-01}
}

@misc{quartz-scheduler,
  title = {Quartz Scheduler},
  author = {{Quartz}},
  year = {2016},
  howpublished = {\url{http://bit.ly/2i2frou}},
  note = {Accessed: 2016-12-01}
}

@misc{log4j2,
  title = {Log4j2},
  author = {{Apache Software Foundation}},
  year = {2016},
  howpublished = {\url{http://bit.ly/2i0SAOK}},
  note = {Accessed: 2016-12-01}
}

@misc{commons-cli,
  title = {Commons CLI},
  author = {{Apache Software Foundation}},
  year = {2016},
  howpublished = {\url{http://bit.ly/2jnGPCj}},
  note = {Accessed: 2016-12-01}
}

@misc{jackson,
  title = {Jackson},
  author = {{FasterXML}},
  year = {2016},
  howpublished = {\url{http://bit.ly/2iZ80Ai}},
  note = {Accessed: 2016-12-01}
}

@misc{lombok,
  title = {Lombok},
  author = {{Lombok Project}},
  year = {2016},
  howpublished = {\url{http://bit.ly/2jvttnF}},
  note = {Accessed: 2016-12-01}
}

@misc{nodejs,
  title = {Node.js},
  author = {{Node.js Foundation}},
  year = {2016},
  howpublished = {\url{http://bit.ly/2j3XiqR}},
  note = {Accessed: 2016-12-01}
}

@misc{npm,
  title = {Node Package Manager},
  author = {{NPM Inc.}},
  year = {2016},
  howpublished = {\url{http://bit.ly/2j4cG6p}},
  note = {Accessed: 2016-12-01}
}

@misc{bower,
	title = {Bower},
	author = {{Bower Inc.}},
	year = {2016},
	howpublished = {\url{http://bit.ly/2jdr3We}},
	note = {Accessed: 2016-12-01}
}

@misc{proguard,
  title = {Proguard},
  author = {{GuardSquare Corp.}},
  year = {2016},
  howpublished = {\url{http://bit.ly/2iAFgjs}},
  note = {Accessed: 2016-12-01}
}

@misc{guardsquare,
  title = {Proguard Overview},
  author = {{GuardSquare Corp.}},
  year = {2016},
  howpublished = {\url{http://bit.ly/2j2I2vC}},
  note = {Accessed: 2016-12-01}
}

@misc{proguard-maven-plugin,
  title = {Proguard Maven Plugin},
  author = {{Apache Software Foundation}},
  year = {2016},
  howpublished = {\url{http://bit.ly/2j2OClU}},
  note = {Accessed: 2016-12-01}
}

@misc{cron-expression,
  title = {CRON Expression},
  author = {{Oracle Corporation}},
  year = {2016},
  howpublished = {\url{http://bit.ly/2iES3z8}},
  note = {Accessed: 2016-12-01}
}

@misc{video-tutorial,
  title = {A bot showcase: video tutorial},
  author = {G. Marciani and M. Porretta},
  year = {2017},
  howpublished = {\url{http://bit.ly/2iES3z8}},
  note = {Accessed: 2017-01-20}
}

@misc{build-your-own-botnet,
  title = {Build your own botnet},
  author = {SANS},
  year = {2013},
  howpublished = {\url{http://bit.ly/2jpcIGN}},
  note = {Accessed: 2017-12-20}
}

@misc{bootstrap,
  title = {Bootstrap},
  author = {W3schools.com},
  year = {2017},
  howpublished = {\url{http://bit.ly/1AlWCD8}},
  note = {Accessed: 2017-12-19}
}

@misc{jquery,
  title = {Jquery},
  author = {W3schools.com},
  year = {2017},
  howpublished = {\url{http://bit.ly/2jPhCRa}},
  note = {Accessed: 2017-12-19}
}
